<?xml version="1.0" encoding="UTF-8"?>
<marc:collection xmlns:marc="http://www.loc.gov/MARC21/slim" xmlns:xsi="http://www.w3.org/2001/XMLSchema-instance" xsi:schemaLocation="http://www.loc.gov/MARC21/slim http://www.loc.gov/standards/marcxml/schema/MARC21slim.xsd">
   <marc:record type="Bibliographic">
      <marc:leader>00870cam a2200229 a 4500</marc:leader>
      <marc:controlfield tag="001">889000</marc:controlfield>
      <marc:controlfield tag="003">NjP</marc:controlfield>
      <marc:controlfield tag="005">20130517132734.0</marc:controlfield>
      <marc:controlfield tag="008">940526s1990    ir            000 0 ara d</marc:controlfield>
      <marc:datafield tag="024" ind1="7" ind2=" ">
         <marc:subfield code="a">princeton_aco000339</marc:subfield>
         <marc:subfield code="2">local</marc:subfield>
      </marc:datafield>
      <marc:datafield tag="035" ind1=" " ind2=" ">
         <marc:subfield code="a">(OCoLC)27374448</marc:subfield>
      </marc:datafield>
      <marc:datafield tag="035" ind1=" " ind2=" ">
         <marc:subfield code="a">(CStRLIN)NJPG94-B31169</marc:subfield>
      </marc:datafield>
      <marc:datafield tag="035" ind1=" " ind2=" ">
         <marc:subfield code="9">CBD7762TS</marc:subfield>
      </marc:datafield>
      <marc:datafield tag="040" ind1=" " ind2=" ">
         <marc:subfield code="a">NjP</marc:subfield>
         <marc:subfield code="c">NjP</marc:subfield>
      </marc:datafield>
      <marc:datafield tag="100" ind1="1" ind2=" ">
         <marc:subfield code="a">Ibn Kamāl al-Dīn, Jaʻfar ibn Ḥamd,</marc:subfield>
         <marc:subfield code="d">1860 or 1861-1897 or 1898.</marc:subfield>
      </marc:datafield>
      <marc:datafield tag="245" ind1="1" ind2="0">
         <marc:subfield code="a">Siḥr Bābil wa-sajʻ al-balābil /</marc:subfield>
         <marc:subfield code="c">Jaʻfar al-Ḥillī al-Najafī ; taḥqīq Muḥammad al-Ḥusayn Āl Kāshif al-Ghiṭāʼ.</marc:subfield>
      </marc:datafield>
      <marc:datafield tag="250" ind1=" " ind2=" ">
         <marc:subfield code="a">al-Ṭabʻah 1.</marc:subfield>
      </marc:datafield>
      <marc:datafield tag="260" ind1=" " ind2=" ">
         <marc:subfield code="a">[Qum] :</marc:subfield>
         <marc:subfield code="b">Intishārāt al-Sharīf al-Riḍá,</marc:subfield>
         <marc:subfield code="c">1411 [1990 or 1991]</marc:subfield>
      </marc:datafield>
      <marc:datafield tag="300" ind1=" " ind2=" ">
         <marc:subfield code="a">496 p. ;</marc:subfield>
         <marc:subfield code="c">25 cm.</marc:subfield>
      </marc:datafield>
      <marc:datafield tag="500" ind1=" " ind2=" ">
         <marc:subfield code="a">Poems.</marc:subfield>
      </marc:datafield>
      <marc:datafield tag="700" ind1="2" ind2=" ">
         <marc:subfield code="a">Āl Kāshif al-Ghiṭā, Muḥammad al-Ḥusayn,</marc:subfield>
         <marc:subfield code="d">1877-1954.</marc:subfield>
      </marc:datafield>
      <marc:datafield tag="998" ind1=" " ind2=" ">
         <marc:subfield code="a">05/26/94</marc:subfield>
         <marc:subfield code="s">9114</marc:subfield>
         <marc:subfield code="n">NjP</marc:subfield>
         <marc:subfield code="d">05/26/94</marc:subfield>
         <marc:subfield code="c">KC</marc:subfield>
         <marc:subfield code="b">KC</marc:subfield>
         <marc:subfield code="i">940526</marc:subfield>
         <marc:subfield code="l">NJPG</marc:subfield>
      </marc:datafield>
      <marc:datafield tag="911" ind1=" " ind2=" ">
         <marc:subfield code="a">19940603</marc:subfield>
      </marc:datafield>
      <marc:datafield tag="912" ind1=" " ind2=" ">
         <marc:subfield code="a">19940526000000.0</marc:subfield>
      </marc:datafield>
   </marc:record>
</marc:collection>
